<marc:record xmlns:marc="http://www.loc.gov/MARC21/slim" xmlns:xsi="http://www.w3.org/2001/XMLSchema-instance" xsi:schemaLocation="http://www.loc.gov/MARC21/slim http://www.loc.gov/standards/marcxml/schema/MARC21slim.xsd">
  <marc:leader>     cam a2200265   45M</marc:leader>
  <marc:controlfield tag="001">001680091</marc:controlfield>
  <marc:controlfield tag="003">NNU</marc:controlfield>
  <marc:controlfield tag="005">20001218222055.0</marc:controlfield>
  <marc:controlfield tag="008">770208r19671902iq            000 0 ara d</marc:controlfield>
  <marc:datafield tag="010" ind1=" " ind2=" ">
    <marc:subfield code="a">ne 68005017</marc:subfield>
  </marc:datafield>
  <marc:datafield tag="035" ind1="9" ind2=" ">
    <marc:subfield code="a">NYUb12223491</marc:subfield>
  </marc:datafield>
  <marc:datafield tag="035" ind1=" " ind2=" ">
    <marc:subfield code="a">(CU-SB)notisAKK0059</marc:subfield>
  </marc:datafield>
  <marc:datafield tag="035" ind1=" " ind2=" ">
    <marc:subfield code="a">(CStRLIN)CASXAKK0059-B</marc:subfield>
  </marc:datafield>
  <marc:datafield tag="040" ind1=" " ind2=" ">
    <marc:subfield code="c">NN</marc:subfield>
    <marc:subfield code="d">NN</marc:subfield>
    <marc:subfield code="d">CU-SB</marc:subfield>
  </marc:datafield>
  <marc:datafield tag="100" ind1="1" ind2=" ">
    <marc:subfield code="a">Abū al-Muṭahhar al-Azdī, Muḥammad ibn Aḥmad.</marc:subfield>
  </marc:datafield>
  <marc:datafield tag="245" ind1="1" ind2="0">
    <marc:subfield code="a">Ḥikāyat Abī al-Qāsim al-Baghdādī :</marc:subfield>
    <marc:subfield code="b">taʼlīf Muḥammad ibn Aḥmad Abī al-Muṭahhar al-Azdī.</marc:subfield>
  </marc:datafield>
  <marc:datafield tag="260" ind1=" " ind2=" ">
    <marc:subfield code="a">Baghdād :</marc:subfield>
    <marc:subfield code="b">Maktabat al-Muthannā,</marc:subfield>
    <marc:subfield code="c">[1967?]</marc:subfield>
  </marc:datafield>
  <marc:datafield tag="300" ind1=" " ind2=" ">
    <marc:subfield code="a">146, lxix p. ;</marc:subfield>
    <marc:subfield code="c">25 cm.</marc:subfield>
  </marc:datafield>
  <marc:datafield tag="500" ind1=" " ind2=" ">
    <marc:subfield code="a">Added t. p.: Abulḳāsim; ein Bagdāder Sittenbild, von Muḥammad ibn Aḥmad Abulmuṭahhar Azdi. Mit Anmerkungen hrsg. von Adam Mez.</marc:subfield>
  </marc:datafield>
  <marc:datafield tag="500" ind1=" " ind2=" ">
    <marc:subfield code="a">Reprint of the 1902 ed.</marc:subfield>
  </marc:datafield>
  <marc:datafield tag="651" ind1=" " ind2="0">
    <marc:subfield code="a">Baghdad (Iraq)</marc:subfield>
    <marc:subfield code="x">Social life and customs.</marc:subfield>
  </marc:datafield>
  <marc:datafield tag="700" ind1="1" ind2=" ">
    <marc:subfield code="a">Mez, Adam,</marc:subfield>
    <marc:subfield code="d">1869-1917</marc:subfield>
  </marc:datafield>
  <marc:datafield tag="740" ind1="0" ind2=" ">
    <marc:subfield code="a">Abulḳāsim, ein Bagdāder Sittenbild.</marc:subfield>
  </marc:datafield>
  <marc:datafield tag="950" ind1=" " ind2=" ">
    <marc:subfield code="l">BMAIN</marc:subfield>
    <marc:subfield code="a">PJ7755.A17</marc:subfield>
    <marc:subfield code="b">H5 1967</marc:subfield>
  </marc:datafield>
  <marc:datafield tag="955" ind1=" " ind2=" ">
    <marc:subfield code="l">BMAIN</marc:subfield>
    <marc:subfield code="c">1</marc:subfield>
    <marc:subfield code="r">028859851</marc:subfield>
  </marc:datafield>
  <marc:datafield tag="998" ind1=" " ind2=" ">
    <marc:subfield code="s">9115</marc:subfield>
  </marc:datafield>
</marc:record>
